<?xml version="1.0" encoding="UTF-8"?><collection xmlns="http://www.loc.gov/MARC21/slim"><record><leader>00419nam--2200145-i-4500</leader><controlfield tag="001">000043860</controlfield><controlfield tag="002">20161230</controlfield><controlfield tag="005">20161230201044</controlfield><controlfield tag="008">060222s1000------------r-----000-0-eng-d</controlfield><datafield ind1=" " ind2=" " tag="080"><subfield code="a">001.891:658</subfield></datafield><datafield ind1=" " ind2=" " tag="100"><subfield code="a">Sturza, Dan</subfield></datafield><datafield ind1=" " ind2=" " tag="245"><subfield code="a">Cercetare si inginerie tehnologica</subfield></datafield><datafield ind1=" " ind2=" " tag="260"><subfield code="a">Bucuresti, Inid, 1979, 104p</subfield></datafield><datafield ind1=" " ind2=" " tag="490"><subfield code="a">Orientari, Realizari, Tendinte In Cercetare Stiintifica Si Inginerie Tehnologica</subfield></datafield><datafield ind1=" " ind2=" " tag="852"><subfield code="a">47101</subfield></datafield></record></collection>